@book{Foster:2017:CCS:3158276,
 author = {Foster, Ian and Gannon, Dennis B.},
 title = {Cloud Computing for Science and Engineering},
 year = {2017},
 isbn = {0262037246, 9780262037242},
 edition = {1st},
 publisher = {The MIT Press},
} 

@Misc{hid-sp18-419-hu-medium-pi-hadoop,
  author                   = {Hu, Oliver},
  title                    = {Build a Hadoop 3 cluster with Raspberry Pi 3},
  howpublished             = {Web Page},
  month                    = dec,
  year                     = {2017},
  timestamp                = {2018-04-07},
  url                      = {https://medium.com/@oliver_hu/build-a-hadoop-3-cluster-with-raspberry-pi-3-f451b7f93254}
}

@Misc{hid-sp18-419-pi-pinout,
  author                   = {{Jameco Electronics}},
  title                    = {Raspberry Pi Pinout Diagram, Circuit Notes},
  howpublished             = {Web Page},
  timestamp                = {2018-04-07},
  url                      = {https://www.jameco.com/Jameco/workshop/circuitnotes/raspberry-pi-circuit-note.html}
}
